/Users/fabianmaurer/Documents/Latex/texmf/bibtex/bib/MyBib.bib